@misc{cbasewebsite,
  title        = {c-base Coredump},
  author       = {c-base e.V.~},
  note         = {\url{https://wiki.c-base.org/dokuwiki/}},
    keywords = {sec}
}
@misc{cbasestarbasemanual,
    author = {c-base e.V. and Anonymous},
    title= {starbase manual},
    note = {\url{https://www.c-base.org/cv50f/core/starbase-manual7.html} [Zugriff: 5.5.2024]; vgl. \url{https://web.archive.org/web/20030116231003/https://www.c-base.org/cv50f/core/starbase-manual7.html} [2003]},
    year = {2003 (?)},
    keywords = {pri}
}
@misc{cbasefund,
    author = {c-base e.V. and Anonymous},
    title= {der historische Fund},
    year = {2002},
    note = {\url{https://www.c-base.org/cv50f/core/fundhistorie.html}; vgl \url{https://web.archive.org/web/20021231044451/https://www.c-base.org/cv50f/core/fundhistorie.html} [2002]},
    keywords = {sec}
}
@book{cbasebook,
    author = {Alexander Last and Marten Suhr and Mirko Fichtner},
    title = {c-booc -- 20 years c-base},
    publisher = {c-base e.V.~},
    address= {Berlin},
    year = {2015},
    edition = {1. Auflage},
    ISBN = {978-3-00-050213-2},
    keywords = {pri}
}
@book{cbasepressemap,
    title = {c-base official handout},
    author= {c-base e.V. and macro},
    year = {2010},
    note = {\url{https://www.c-base.org/presse/pressemappe.pdf} [Zugriff: 3.5.2024]; vgl. \url{https://web.archive.org/web/20071009042239/https://www.c-base.org/presse/pressemappe.pdf} [2007]},
    keywords = {sec}
}
@misc{ctour,
    title ={c-tour},
    author = {c-base e.V. and gps2},
    year = {2006},
    note = {\url{https://www.c-base.org/cv50f/core/c-tour/htdocs/start.html} [Zugriff: 3.5.2024]; 
                 vgl. \url{https://web.archive.org/web/20060422172959/https://www.c-base.org/cv50f/core/c-tour/htdocs/start.html} [2006]},
    keywords = {pri}
}
@misc{cbasefarbschema,
    title = {farbschema},
    author = {c-base e.V. and count},
    year = {2017},
    note = {\url{https://wiki.c-base.org/dokuwiki/farbschema} [Zugriff: 3.5.2024]; 
                 vgl. \url{https://web.archive.org/web/20200928204658/https://wiki.c-base.org/dokuwiki/farbschema} [2020]},
    keywords = {sec}
}
@misc{raumceitloch,
    title = {c-base raum-ceit-loch (cbrcl)},
    author = {c-base e.V. and dazz},
    year = {2012},
    note = {\url{https://cbag3.c-base.org/artefact/raum-ceit-loch} [Zugriff: 3.5.2024]; 
             vgl. \url{https://web.archive.org/web/20230606090126/https://cbag3.c-base.org/artefact/raum-ceit-loch} [2021]},
    keywords = {sec}
}
@book{adams_life, 
    author = {Douglas Adams}, 
    title = {Life, the Universe and Everything}, 
    year = {1982}, 
    publisher = {Pan Books}, 
    isbn = {0-330-50457-4}, 
    series = {Hitchhiker’s Guide to the Galaxy}, volume = {3},
    keywords = {sec}
}
@book{encyclopaedia,
    author = {The Multitude},
    title = {Encyclopaedia Galactica},
    publisher = {} ,
    year =  {forthcoming},
    keywords = {sec}
}
@misc{symbiont,
    title = "proctozoikum cryptogenum. ein cryptogenes individuum in einer sehr engen biologischen nische",
    author = "c-base e.V. and fachbereich exobiologie | arbeitsbericht 96/4",
    year = "2000",
    note = {\url{https://www.c-base.org/cv50f/creactiv/symbiont.html} [Zugriff: 3.5.2023]; vgl. \url{https://web.archive.org/web/20231010184345/https://www.c-base.org/cv50f/creactiv/symbiont.html}},
    keywords = {sec}
}
@article{bergervillarceau,
    author = {Marcel Berger} ,
    title = {Les cercles de Villarceau} ,
    journal = {bibnum. Textes fondeateurs de la science analysés et scientifiques d'aujourd'hui},
    year = {20217},
    note = {\url{https://journals.openedition.org/bibnum/638}},
    keywords = {sec}
}
@misc{villarceauag2gaeh,
    title = {File:Torus-vill-point.svg},
    author = {Ag2gaeh},
    year = {2016},
    note = {
        CC BY-SA 4.0, via Wikimedia Commons; 
        \url{https://upload.wikimedia.org/wikipedia/commons/0/09/Torus-vill-point.svg} [Zugriff: 8.5.2024]},
    keywords = {sec}
}
@misc{knottedtorus,
    author = {{Joshuardavis, Public domain, via Wikimedia Commons}},
    title = {File:KnottedTorus.png},
    year = {2007},
    note = {\url{https://commons.wikimedia.org/wiki/File:KnottedTorus.png} [Zugriff: 8.5.2024]},
    keywords = {sec}
}
@misc{cbaselogbuchpre,
    author = {c-base e.V. and c-beam},
    title = {logbuch pre},
    year = {2005},
    note = {
        \url{http://c-base.org/cv50f/carbon/logbuch-pre.html} [Zugriff: 9.5.2024], vgl. \url{https://wayback-api.archive.org/web/20050401000000*/http://c-base.org/cv50f/carbon/logbuch-pre.html}
    },
    keywords = {pri}
}
@misc{cbaselogbuchnow,
    author = {c-base e.V. and urcrew},
    title = {logbuch now},
    year = {2005},
    note = {
        \url{http://www.c-base.org/cv50f/carbon/logbuch-now.html} [Zugriff: 9.5.2024], vgl. \url{https://web.archive.org/web/20050130224724/http://www.c-base.org/cv50f/carbon/logbuch-now.html}
    },
    keywords = {pri}
}
@article{JonesShawnM.2018Aswt,
    copyright = {Springer-Verlag Berlin Heidelberg 2016},
    issn = {1432-5012},
    journal = {International journal on digital libraries},
    keywords = {Computer science ; Database management ; Information resources ; Computer network resources ; Web archiving ; Internet ; Information resources management ; Web sites ; Time travel},
    language = {eng},
    number = {1},
    pages = {77-93},
    author = {Jones, Shawn M. and Nelson, Michael L. and Van de Sompel, Herbert},
    address = {Berlin/Heidelberg},
    publisher = {Springer Berlin Heidelberg},
    title = {Avoiding spoilers: wiki time travel with Sheldon Cooper},
    volume = {19},
    year = {2018},
    keywords = {sec}
}
@misc{rfc1925networkingtruths,
    title = {The Twelve Networking Truths},
    author = "R. Callon",
    year = "1996",
    note = {\url{https://datatracker.ietf.org/doc/html/rfc1925} [Zugriff: 10.5.2024]},
    keywords = {sec}
}
@misc{rfc968cerf,
    title = {`Twas the Night Before Start-up},
    author = {V. Cerf},
    year = {1985},
    note = {\url{https://datatracker.ietf.org/doc/html/rfc968} [Zugriff: 10.5.2024]},
    keywords = {sec}
}@misc{rfc527cerf,
    title = {APRAWOCKY},
    author = {R. Merryman},
    year = {1973},
    note = {\url{https://datatracker.ietf.org/doc/html/rfc527} [Zugriff: 10.5.2024]},
    keywords = {sec}
}
@misc{rfc2100cerf,
    title = {The Naming of Hosts},
    author = {J. Ashworth},
    year = {1997},
    note = {\url{https://datatracker.ietf.org/doc/html/rfc2100} [Zugriff: 10.5.2024]},
    keywords = {sec}
}
@misc{rfc2321bressen,
    title = {RITA -- The Reliable Internetwork Troubleshooting Agent},
    author = {A. Bressen},
    year = {1998},
    note = {\url{https://datatracker.ietf.org/doc/html/rfc2321}},
    keywords = {sec}
}
@misc{hardykrause,
    title = {Hardy Krause},
    year = {2005},
    author = {Hardy Krause},
    note = {\url{http://www.dozentenboerse.de/Trainer/details/Hardy-Krause} [Zugriff 10.5.2024] vgl. \url{https://web.archive.org/web/20231202160627/http://www.dozentenboerse.de/Trainer/details/Hardy-Krause}},
    keywords = {sec}
}
@book{levyhackers,
    edition = {1. ed.},
    isbn = {0-385-19195-2},
    language = {eng},
    author = {Levy, Steven},
    address = {Garden City, NY},
    booktitle = {Hackers : heroes of the computer revolution},
    publisher = {Anchor Press/Doubleday},
    title = {Hackers : heroes of the computer revolution / Steven Levy.},
    year = {1984},
    keywords = {sec}
}
@misc{clang,
    title = {c-lang - die sprache der c-base},
    author = {c-base e.V. and nerdbeere and woodworker},
    year = {2020},
    note = {\url{https://wiki.c-base.org/dokuwiki/c-lang} [Zugriff 10.5.2024]; vgl. \url{https://wiki.c-base.org/dokuwiki/c-lang} [woodworker, 2016] },
    keywords = {sec}
}
@book{levistrauss1985,
    publisher = {Presses Pocket},
    series = {Agora 2},
    title = {La pensée sauvage},
    year = {1985},
    author = {Lévi-Strauss, Claude},
    address = {Paris},
    booktitle = {La pensée sauvage},
    isbn = {2-266-03816-8},
    keywords = {Ethnologie},
    language = {fre},
    keywords = {sec}
}
@misc{matelight,
    author = {c-base and dazz},
    title = {matelight},
    year = {2012},
    note = {\url{https://cbag3.c-base.org/artefact/matelight}
           }
}
@book{celestialhomecareomnibus,
    author = {Anonymous},
    title = {Celestial Home Care Omnibus},
    publisher = {} ,
    year =  {forthcoming},
    keywords = {sec}
}
@book{penta2024,
    author = {c-base und penta},
    title = {Die 7 Ringe der c-base. 
    Eine interpretative Exegese der ältesten Überlieferung im Lichte neuer Ausgrabungen und Schlussfolgerungen zur Topologie der Station vor ihrer Faltung},
    publisher = {c-base e.V.~},
    address= {Berlin},
    year = {2024},
    note = {\url{https://logbuch.c-base.org/wp-content/uploads/2024/05/c_base_ringe_penta_2024.pdf}}
}
@book{adams1981restaurant,
  title={The Restaurant at the End of the Universe},
  author={Adams, D.},
  isbn={9780517545355},
  lccn={81006563},
  series={Hitch hiker's guide to the galaxy},
  url={https://books.google.de/books?id=p4BmAAAAMAAJ},
  year={1981},
  publisher={Harmony Books}
}
